<?xml version="1.0" encoding="UTF-8"?><collection xmlns="http://www.loc.gov/MARC21/slim"><record><leader>00553nam--2200169-i-4500</leader><controlfield tag="001">000039760</controlfield><controlfield tag="002">20161230</controlfield><controlfield tag="005">20161230201042</controlfield><controlfield tag="008">060222s1000------------r-----000-0-eng-d</controlfield><datafield ind1=" " ind2=" " tag="040"><subfield code="a">IFIN-HH</subfield></datafield><datafield ind1=" " ind2=" " tag="080"><subfield code="a">539.12.04:628.3</subfield></datafield><datafield ind1="1" ind2=" " tag="100"><subfield code="a">Roy,A.N</subfield></datafield><datafield ind1="1" ind2="0" tag="245"><subfield code="a">Proceedings of the workshop on radiation treatment of sewage sludge, bhabha atomic research centre april 18, 1980</subfield><subfield code="c">A.n. roy (compiled and edited by)</subfield></datafield><datafield ind1=" " ind2=" " tag="260"><subfield code="a">Bombay</subfield><subfield code="b">Bhabha Atomic Research Centre</subfield><subfield code="c">1980</subfield></datafield><datafield ind1=" " ind2=" " tag="300"><subfield code="a">41 P. + 18 FIG</subfield></datafield><datafield ind1=" " ind2=" " tag="852"><subfield code="a">48862</subfield><subfield code="c">539.12</subfield></datafield><datafield ind1=" " ind2=" " tag="CAT"><subfield code="a">Sys</subfield><subfield code="c">20111207</subfield><subfield code="h">153541</subfield></datafield></record></collection>